<record><leader>00000cas a2200000 a 4500</leader><controlfield tag="001">11490764</controlfield><controlfield tag="008">841213d18771904nyudr ne      0    0eng c</controlfield><datafield ind1=" " ind2=" " tag="010"><subfield code="a">sn 84031964 </subfield></datafield><datafield ind1=" " ind2=" " tag="040"><subfield code="a">NYG</subfield><subfield code="b">eng</subfield><subfield code="c">NYG</subfield><subfield code="d">OCL</subfield><subfield code="d">NYG</subfield><subfield code="d">OCL</subfield><subfield code="d">NYS</subfield><subfield code="d">DLC</subfield><subfield code="d">OCL</subfield><subfield code="d">NYS</subfield><subfield code="d">OCLCQ</subfield><subfield code="d">OCLCF</subfield><subfield code="d">OCLCO</subfield></datafield><datafield ind1=" " ind2=" " tag="012"><subfield code="b">3</subfield></datafield><datafield ind1=" " ind2=" " tag="019"><subfield code="a">11490883</subfield><subfield code="a">23298408</subfield></datafield><datafield ind1="1" ind2=" " tag="029"><subfield code="a">AU@</subfield><subfield code="b">000020348824</subfield></datafield><datafield ind1=" " ind2=" " tag="042"><subfield code="a">pcc</subfield></datafield><datafield ind1=" " ind2=" " tag="043"><subfield code="a">n-us-ny</subfield></datafield><datafield ind1="0" ind2=" " tag="130"><subfield code="a">Evening herald (Syracuse, N.Y.)</subfield></datafield><datafield ind1="1" ind2="4" tag="245"><subfield code="a">The evening herald.</subfield></datafield><datafield ind1="1" ind2=" " tag="246"><subfield code="i">Special edition featuring "historical and descriptive facts" issued as:</subfield><subfield code="a">Syracuse herald</subfield><subfield code="f">Feb. 15, 1888</subfield></datafield><datafield ind1="1" ind2=" " tag="246"><subfield code="i">On Sundays published as:</subfield><subfield code="a">Sunday herald</subfield><subfield code="f">May 16, 1880-1904</subfield></datafield><datafield ind1=" " ind2=" " tag="260"><subfield code="a">Syracuse [N.Y. :</subfield><subfield code="b">s.n.],</subfield><subfield code="c">1877-1904.</subfield></datafield><datafield ind1=" " ind2=" " tag="300"><subfield code="a">28 v. :</subfield><subfield code="b">ill. ;</subfield><subfield code="c">54-61 cm.</subfield></datafield><datafield ind1=" " ind2=" " tag="310"><subfield code="a">Daily,</subfield><subfield code="b">May 10, 1880-Jan. 31, 1904</subfield></datafield><datafield ind1=" " ind2=" " tag="321"><subfield code="a">Daily (except Sunday),</subfield><subfield code="b">Jan. 15 1877-May 8, 1880</subfield></datafield><datafield ind1="0" ind2=" " tag="362"><subfield code="a">Vol. 1, no. 1 (Jan. 15, 1877)-v. 28, no. 8316 (Jan. 30, 1904).</subfield></datafield><datafield ind1=" " ind2=" " tag="500"><subfield code="a">Publishers: Arthur Jenkins, &lt;Oct. 18, 1877&gt;; Herald Co., &lt;1879&gt;-1904.</subfield></datafield><datafield ind1=" " ind2=" " tag="515"><subfield code="a">Daily and Sunday issues each have their own numbering.</subfield></datafield><datafield ind1=" " ind2="0" tag="651"><subfield code="a">Syracuse (N.Y.)</subfield><subfield code="v">Newspapers.</subfield></datafield><datafield ind1=" " ind2="0" tag="651"><subfield code="a">Onondaga County (N.Y.)</subfield><subfield code="v">Newspapers.</subfield></datafield><datafield ind1=" " ind2="7" tag="655"><subfield code="a">Newspapers.</subfield><subfield code="2">fast</subfield><subfield code="0">(OCoLC)fst01423814</subfield></datafield><datafield ind1=" " ind2="7" tag="651"><subfield code="a">New York (State)</subfield><subfield code="z">Onondaga County.</subfield><subfield code="2">fast</subfield><subfield code="0">(OCoLC)fst01205371</subfield></datafield><datafield ind1=" " ind2="7" tag="651"><subfield code="a">New York (State)</subfield><subfield code="z">Syracuse.</subfield><subfield code="2">fast</subfield><subfield code="0">(OCoLC)fst01205293</subfield></datafield><datafield ind1=" " ind2=" " tag="752"><subfield code="a">United States</subfield><subfield code="b">New York</subfield><subfield code="c">Onondaga</subfield><subfield code="d">Syracuse.</subfield></datafield><datafield ind1="0" ind2="0" tag="785"><subfield code="t">Syracuse herald</subfield><subfield code="w">(DLC)sn 84031966</subfield><subfield code="w">(OCoLC)11490861</subfield></datafield></record>